<?xml version="1.0" encoding="UTF-8"?><collection xmlns="http://www.loc.gov/MARC21/slim"><record><leader>00612nam--2200193-u-4500</leader><controlfield tag="001">000055676</controlfield><controlfield tag="002">20161230</controlfield><controlfield tag="005">20161230201052</controlfield><controlfield tag="008">130327s1000------------r-----000-0-rus-d</controlfield><datafield ind1=" " ind2=" " tag="040"><subfield code="a">IFIN-HH</subfield></datafield><datafield ind1=" " ind2=" " tag="041"><subfield code="a">rus</subfield></datafield><datafield ind1=" " ind2=" " tag="080"><subfield code="a">530.145.6:539.12</subfield></datafield><datafield ind1="1" ind2=" " tag="100"><subfield code="a">Mathews, P.T</subfield></datafield><datafield ind1="1" ind2="0" tag="245"><subfield code="a">Reliativistskaia kvantovaia teoria vzaimodeistvii elementarnih ceastit</subfield><subfield code="c">P.t. mathews</subfield></datafield><datafield ind1=" " ind2=" " tag="260"><subfield code="a">Moskva</subfield><subfield code="b">Inostrannoi Literaturi</subfield><subfield code="c">1959</subfield></datafield><datafield ind1=" " ind2=" " tag="300"><subfield code="a">184P</subfield></datafield><datafield ind1=" " ind2=" " tag="500"><subfield code="a">Titlul Original In Limba Engleza: The Relativistic Quantum Theory Of Elementary Particle Interactions</subfield></datafield><datafield ind1=" " ind2=" " tag="852"><subfield code="a">6409</subfield><subfield code="c">H.H</subfield></datafield><datafield ind1=" " ind2=" " tag="CAT"><subfield code="a">Sys</subfield><subfield code="c">20130327</subfield><subfield code="h">105501</subfield></datafield></record></collection>